@book{nurbs-book,
	title={The NURBS book},
	author={Piegl, Les and Tiller, Wayne},
	year={2012},
	publisher={Springer Science \& Business Media}
}

@inproceedings{morozov16,
author = "Dmitriy Morozov and Tom Peterka",
title = "{Block-Parallel Data Analysis with DIY2}",
booktitle = "Proceedings of the 2016 IEEE Large Data Analysis and Visualization Symposium LDAV'16",
address = "Baltimore, MD, USA",
year = "2016"
}

@article{dongarra13,
  title={{MPI: A Message-Passing Interface Standard Version 3.0}},
  author={Dongarra, Jack and others},
  journal={High Performance Computing Center Stuttgart (HLRS)},
  year={2013}
}

@article{dalcin11,
  title={{Parallel Distributed Computing using Python}},
  author={Dalcin, Lisandro D and Paz, Rodrigo R and Kler, Pablo A and Cosimo, Alejandro},
  journal={Advances in Water Resources},
  volume={34},
  number={9},
  pages={1124--1139},
  year={2011},
  publisher={Elsevier}
}

@misc{pydiy,
    title = {{pyDIY: Python Bindings for the DIY Library for Block-Parallel Data Analysis}},
    author = {Dmitriy Morozov},
    howpublished={https://gitlab.kitware.com/mrzv/pydiy},
}

@misc{jakob17,
  title={{pybind11--Seamless Operability Between C++ 11 and Python}},
  author={Jakob, Wenzel and Rhinelander, Jason and Moldovan, Dean},
  year={2017}
}

@article{gander-rasm,
	title={Why restricted additive Schwarz converges faster than additive Schwarz},
	author={Efstathiou, Evridiki and Gander, Martin J},
	journal={BIT Numerical Mathematics},
	volume={43},
	number={5},
	pages={945--959},
	year={2003},
	publisher={Springer}
}

@inproceedings{peterka-mfa,
	title={Foundations of multivariate functional approximation for scientific data},
	author={Peterka, Tom and Youssef, SG and Grindeanu, Iulian and Mahadevan, Vijay S and Yeh, Raine and Tricoche, Xavier and others},
	booktitle={2018 IEEE 8th Symposium on Large Data Analysis and Visualization (LDAV)},
	pages={61--71},
	year={2018}
}

@inproceedings{nashed-rational,
	title={Rational Approximation of Scientific Data},
	author={Nashed, Youssef SG and Peterka, Tom and Mahadevan, Vijay and Grindeanu, Iulian},
	booktitle={International Conference on Computational Science},
	pages={18--31},
	year={2019},
	organization={Springer}
}


@inproceedings{grindeanu-blending,
	title={Scalable, High-Order Continuity Across Block Boundaries of Functional Approximations Computed in Parallel},
	author={Grindeanu, Iulian and Peterka, Tom and Mahadevan, Vijay S and Nashed, Youssef SG},
	booktitle={2019 IEEE International Conference on Cluster Computing (CLUSTER)},
	pages={1--9},
	year={2019},
	organization={IEEE}
}

@article{zheng-bo-bspline-bfgs,
	title={Fast {B-spline} curve fitting by {L-BFGS}},
	author={Zheng, Wenni and Bo, Pengbo and Liu, Yang and Wang, Wenping},
	journal={Computer Aided Geometric Design},
	volume={29},
	number={7},
	pages={448--462},
	year={2012},
	publisher={Elsevier}
}

@article{mai-approx-rbf,
	title={Approximation of function and its derivatives using radial basis function networks},
	author={Mai-Duy, Nam and Tran-Cong, Thanh},
	journal={Applied Mathematical Modelling},
	volume={27},
	number={3},
	pages={197--220},
	year={2003},
	publisher={Elsevier}
}

@article{yokota-rasm-rbf,
	title={PetRBFâ€”A parallel O(N) algorithm for radial basis function interpolation with Gaussians},
	author={Yokota, Rio and Barba, Lorena A and Knepley, Matthew G},
	journal={Computer Methods in Applied Mechanics and Engineering},
	volume={199},
	number={25-28},
	pages={1793--1804},
	year={2010},
	publisher={Elsevier}
}

@book{smith-ddm,
	title={Domain decomposition: parallel multilevel methods for elliptic partial differential equations},
	author={Smith, Barry and Bjorstad, Petter and Gropp, William},
	year={2004},
	publisher={Cambridge university press}
}

@article{ddm-rbf,
	title={Domain decomposition for radial basis meshless methods},
	author={Li, Jichun and Hon, YC},
	journal={Numerical Methods for Partial Differential Equations: An International Journal},
	volume={20},
	number={3},
	pages={450--462},
	year={2004},
	publisher={Wiley Online Library}
}

@article{ddm-rbf-fast,
	title={Fast solution of the radial basis function interpolation equations: Domain decomposition methods},
	author={Beatson, Richard K and Light, WA and Billings, S},
	journal={SIAM Journal on Scientific Computing},
	volume={22},
	number={5},
	pages={1717--1740},
	year={2001},
	publisher={SIAM}
}

@article{xu-jahn-discrete-adjoint,
	title={CAD-based shape optimisation with CFD using a discrete adjoint},
	author={Xu, Shenren and Jahn, Wolfram and M{\"u}ller, Jens-Dominik},
	journal={International Journal for Numerical Methods in Fluids},
	volume={74},
	number={3},
	pages={153--168},
	year={2014},
	publisher={Wiley Online Library}
}

@inproceedings{zhang-nurbs-continuity,
	title={Geometric continuity constraints for adjacent {NURBS} patches in shape optimisation},
	author={Zhang, Xingchen and Wang, Yang and Gugala, Mateusz and M{\"u}ller, Jens-Dominik},
	booktitle={ECCOMAS Congress},
	volume={2},
	pages={9316},
	year={2016}
}

@inproceedings{lions-asm,
	title={On the Schwarz alternating method. I},
	author={Lions, Pierre-Louis},
	booktitle={First international symposium on domain decomposition methods for partial differential equations},
	volume={1},
	pages={42},
	year={1988},
	organization={Paris, France}
}

@article{li-adaptive-2005,
	title={Adaptive knot placement in B-spline curve approximation},
	author={Li, Weishi and Xu, Shuhong and Zhao, Gang and Goh, Li Ping},
	journal={Computer-Aided Design},
	volume={37},
	number={8},
	pages={791--797},
	year={2005},
	publisher={Elsevier}
}

@article{chen-s3d-2009,
	title={Terascale direct numerical simulations of turbulent combustion using S3D},
	author={Chen, Jacqueline H and Choudhary, Alok and De Supinski, Bronis and DeVries, Matthew and Hawkes, Evatt R and Klasky, Scott and Liao, Wei-Keng and Ma, Kwan-Liu and Mellor-Crummey, John and Podhorszki, Norbert and others},
	journal={Computational Science \& Discovery},
	volume={2},
	number={1},
	pages={015001},
	year={2009},
	publisher={IOP Publishing}
}

@article{sederberg-2004,
	title={T-spline simplification and local refinement},
	author={Sederberg, Thomas W and Cardon, David L and Finnigan, G Thomas and North, Nicholas S and Zheng, Jianmin and Lyche, Tom},
	journal={ACM transactions on graphics (TOG)},
	volume={23},
	number={3},
	pages={276--283},
	year={2004},
	publisher={ACM New York, NY, USA}
}

@article{petiga-dalcin-2016,
	title={PetIGA: A framework for high-performance isogeometric analysis},
	author={Dalcin, Lisandro and Collier, Nathaniel and Vignal, Philippe and C{\^o}rtes, AMA and Calo, Victor M},
	journal={Computer Methods in Applied Mechanics and Engineering},
	volume={308},
	pages={151--181},
	year={2016},
	publisher={Elsevier}
}

@article{bjorstad-overlap-1989,
	title={To overlap or not to overlap: A note on a domain decomposition method for elliptic problems},
	author={Bj{\o}rstad, Petter E and Widlund, Olof B},
	journal={SIAM Journal on Scientific and Statistical Computing},
	volume={10},
	number={5},
	pages={1053--1061},
	year={1989},
	publisher={SIAM}
}

@article{orasm-as-ms-2007,
	title={Optimized multiplicative, additive, and restricted additive Schwarz preconditioning},
	author={St-Cyr, Amik and Gander, Martin J and Thomas, Stephen J},
	journal={SIAM Journal on Scientific Computing},
	volume={29},
	number={6},
	pages={2402--2425},
	year={2007},
	publisher={SIAM}
}

@article{de1983approximation,
	title={Approximation by smooth multivariate splines},
	author={de Boor, Carl and DeVore, Ronald},
	journal={Transactions of the American Mathematical Society},
	volume={276},
	number={2},
	pages={775--788},
	year={1983}
}

@phdthesis{marini2015parallel,
	title={Parallel Additive Schwarz Preconditioning for Isogeometric Analysis},
	author={Marini, Federico},
	year={2015},
	school={Universit{\`a} degli Studi di Milano}
}

@article{da2012,
	title={Overlapping Schwarz methods for isogeometric analysis},
	author={Da Veiga, L Beirao and Cho, D and Pavarino, Luca F and Scacchi, Simone},
	journal={SIAM Journal on Numerical Analysis},
	volume={50},
	number={3},
	pages={1394--1416},
	year={2012},
	publisher={SIAM}
}

@phdthesis{hofer2018fast,
	title={Fast Multipatch Isogeometric Analysis Solvers},
	author={Hofer, Christoph and Langer, Ulrich},
	school={Johannes Kepler University Linz},
	year={2018}
}

@article{kapl2018construction,
	title={Construction of analysis-suitable G1 planar multi-patch parameterizations},
	author={Kapl, Mario and Sangalli, Giancarlo and Takacs, Thomas},
	journal={Computer-Aided Design},
	volume={97},
	pages={41--55},
	year={2018},
	publisher={Elsevier}
}

@misc{mfa-codebase,
	author={T. Peterka},
	url={https://bitbucket.org/tpeterka1/mfa.git}
}

@article{dede2015,
	title={Isogeometric Analysis for second order Partial Differential Equations on surfaces},
	author={Ded{\`e}, Luca and Quarteroni, Alfio},
	journal={Computer Methods in Applied Mechanics and Engineering},
	volume={284},
	pages={807--834},
	year={2015},
	publisher={Elsevier}
}

@book{cottrell2009,
	title={Isogeometric analysis: toward integration of CAD and FEA},
	author={Cottrell, J Austin and Hughes, Thomas JR and Bazilevs, Yuri},
	year={2009},
	publisher={John Wiley \& Sons}
}

@article{schillinger2013,
	title={Isogeometric collocation: Cost comparison with Galerkin methods and extension to adaptive hierarchical NURBS discretizations},
	author={Schillinger, Dominik and Evans, John A and Reali, Alessandro and Scott, Michael A and Hughes, Thomas JR},
	journal={Computer Methods in Applied Mechanics and Engineering},
	volume={267},
	pages={170--232},
	year={2013},
	publisher={Elsevier}
}

%\bibitem{raine-knot-placement} Yeh, R., Nashed, Y., Peterka, T., Tricoche, X.: Fast Automatic Knot Placement Method for Accurate B-spline Curve Fitting. Submitted to Journal of Computer-Aided Design, 2020.

@article{farhat1998,
	title={A unified framework for accelerating the convergence of iterative substructuring methods with Lagrange multipliers},
	author={Farhat, Charbel and Chen, Po-Shu and Risler, Franck and Roux, Francois-Xavier},
	journal={International Journal for Numerical Methods in Engineering},
	volume={42},
	number={2},
	pages={257--288},
	year={1998},
	publisher={Wiley Online Library}
}

@article{dornisch2011,
	title={Boundary conditions and multi-patch connections in isogeometric analysis},
	author={Dornisch, Wolfgang and Klinkel, Sven},
	journal={PAMM},
	volume={11},
	number={1},
	pages={207--208},
	year={2011},
	publisher={Wiley Online Library}
}

@article{paul2020,
	title={Isogeometric continuity constraints for multi-patch shells governed by fourth-order deformation and phase field models},
	author={Paul, Karsten and Zimmermann, Christopher and Duong, Thang X and Sauer, Roger A},
	journal={Computer Methods in Applied Mechanics and Engineering},
	volume={370},
	pages={113219},
	year={2020},
	publisher={Elsevier}
}

@book{bjorck1996,
	title={Numerical methods for least squares problems},
	author={Bj{\"o}rck, {\AA}ke},
	year={1996},
	publisher={SIAM}
}

@article{meng2014,
	title={LSRN: A parallel iterative solver for strongly over-or underdetermined systems},
	author={Meng, Xiangrui and Saunders, Michael A and Mahoney, Michael W},
	journal={SIAM Journal on Scientific Computing},
	volume={36},
	number={2},
	pages={C95--C118},
	year={2014},
	publisher={SIAM}
}

@article{benzi2002,
	title={Preconditioning techniques for large linear systems: a survey},
	author={Benzi, Michele},
	journal={Journal of computational Physics},
	volume={182},
	number={2},
	pages={418--477},
	year={2002},
	publisher={Elsevier}
}

@article{dalcin2011,
	title={Parallel distributed computing using Python},
	author={Dalcin, Lisandro D and Paz, Rodrigo R and Kler, Pablo A and Cosimo, Alejandro},
	journal={Advances in Water Resources},
	volume={34},
	number={9},
	pages={1124--1139},
	year={2011},
	publisher={Elsevier}
}

@book{deville2002,
	title={High-order methods for incompressible fluid flow},
	author={Deville, Michel O and Fischer, Paul F and Mund, Ernest H},
	volume={9},
	year={2002},
	publisher={Cambridge university press}
}

@article{chen2009,
	title={Terascale direct numerical simulations of turbulent combustion using S3D},
	author={Chen, Jacqueline H and Choudhary, Alok and De Supinski, Bronis and DeVries, Matthew and Hawkes, Evatt R and Klasky, Scott and Liao, Wei-Keng and Ma, Kwan-Liu and Mellor-Crummey, John and Podhorszki, Norbert and others},
	journal={Computational Science \& Discovery},
	volume={2},
	number={1},
	pages={015001},
	year={2009},
	publisher={IOP Publishing}
}

@article{brandt1977,
	title={Multi-level adaptive solutions to boundary-value problems},
	author={Brandt, Achi},
	journal={Mathematics of computation},
	volume={31},
	number={138},
	pages={333--390},
	year={1977}
}

@article{bornemann2013,
	title={A subdivision-based implementation of the hierarchical b-spline finite element method},
	author={Bornemann, PB and Cirak, F},
	journal={Computer Methods in Applied Mechanics and Engineering},
	volume={253},
	pages={584--598},
	year={2013},
	publisher={Elsevier}
}

@inproceedings{merzari2010numerical,
	title={On the numerical simulation of thermal striping in the upper plenum of a fast reactor},
	author={Merzari, Elia and Pointer, WD and Obabko, A and Fischer, P},
	booktitle={International Congress on Advances in Nuclear Power Plants 2010, ICAPP 2010},
	pages={595--603},
	year={2010}
}

@article{mahadevan2022,
	title={Metrics for Intercomparison of Remapping Algorithms (MIRA) protocol applied to Earth system models},
	author={Mahadevan, Vijay S and Guerra, Jorge E and Jiao, Xiangmin and Kuberry, Paul and Li, Yipeng and Ullrich, Paul and Marsico, David and Jacob, Robert and Bochev, Pavel and Jones, Philip},
	journal={Geoscientific Model Development},
	volume={15},
	number={17},
	pages={6601--6635},
	year={2022},
	publisher={Copernicus GmbH}
}

@article{dukowicz1987accurate,
	title={Accurate conservative remapping (rezoning) for arbitrary Lagrangian-Eulerian computations},
	author={Dukowicz, John K and Kodis, John W},
	journal={SIAM Journal on Scientific and Statistical Computing},
	volume={8},
	number={3},
	pages={305--321},
	year={1987},
	publisher={SIAM}
}

@book{functional-analysis,
	author = {Ramsay, J. O. and Hooker, Giles and Graves, Spencer},
	title = {Functional Data Analysis with R and MATLAB},
	year = {2009},
	isbn = {0387981845},
	publisher = {Springer Publishing Company, Incorporated},
	edition = {1st},
	abstract = {Scientists often collect samples of curves and other functional observations, and develop models where parameters are also functions. This volume in the UseR! Series is aimed at a wide range of readers, and especially those who would like apply these techniques to their research problems. It complements Functional Data Analysis, Second Edition and Applied Functional Data Analysis: Methods and Case Studies by providing computer code in both the R and Matlab languages for a set of data analyses that showcase functional data analysis techniques. The authors make it easy to get up and running in new applications by adapting the code for the examples, and by being able to access the details of key functions within these pages. This book is accompanied by additional web-based support at http://www.functionaldata.org for applying existing functions and developing new ones in either language. The companion 'fda' package for R includes script files to reproduce nearly all the examples in the book including all but one of the 76 figures.}
}

@misc{mfa-vis-dvr,
	doi = {10.48550/ARXIV.2204.11762},
	
	url = {https://arxiv.org/abs/2204.11762},
	
	author = {Sun, Jianxin and Lenz, David and Yu, Hongfeng and Peterka, Tom},
	
	keywords = {Graphics (cs.GR), FOS: Computer and information sciences, FOS: Computer and information sciences},
	
	title = {MFA-DVR: Direct Volume Rendering of MFA Models},
	
	publisher = {arXiv},
	
	year = {2022},
	
	copyright = {Creative Commons Attribution 4.0 International}
}

